%%% ====================================================================
%%%  BibTeX-file{
%%%     author          = "Gerry Murray",
%%%     version         = "1.2",
%%%     date            = "2 April 2012",
%%%     filename        = "acmsmall-sample-bibfile.bib",
%%%     address         = "ACM, NY",
%%%     email           = "murray at hq.acm.org",
%%%     codetable       = "ISO/ASCII",
%%%     keywords        = "ACM Reference Format, bibliography, citation, references",
%%%     supported       = "yes",
%%%     docstring       = "This BibTeX database file contains 'bibdata' entries
%%%                        that 'match' the examples provided in the Specifications Document
%%%                        AND, also, 'legacy'-type bibs. It should assist authors in
%%%                        choosing the 'correct' at-bibtype and necessary bib-fields
%%%                        so as to obtain the appropriate ACM Reference Format output.
%%%                        It also contains many 'Standard Abbreviations'. "
%%%  }
%%% ====================================================================

% Journals

% First the Full Name is given, then the abbreviation used in the AMS Math
% Reviews, with an indication if it could not be found there.
% Note the 2nd overwrites the 1st, so swap them if you want the full name.

 %{AMS}
 @String{AMSTrans = "American Mathematical Society Translations" }
 @String{AMSTrans = "Amer. Math. Soc. Transl." }
 @String{BullAMS = "Bulletin of the American Mathematical Society" }
 @String{BullAMS = "Bull. Amer. Math. Soc." }
 @String{ProcAMS = "Proceedings of the American Mathematical Society" }
 @String{ProcAMS = "Proc. Amer. Math. Soc." }
 @String{TransAMS = "Transactions of the American Mathematical Society" }
 @String{TransAMS = "Trans. Amer. Math. Soc." }

 %ACM
 @String{CACM = "Communications of the {ACM}" }
 @String{CACM = "Commun. {ACM}" }
 @String{CompServ = "Comput. Surveys" }
 @String{JACM = "J. ACM" }
 @String{ACMMathSoft = "{ACM} Transactions on Mathematical Software" }
 @String{ACMMathSoft = "{ACM} Trans. Math. Software" }
 @String{SIGNUM = "{ACM} {SIGNUM} Newsletter" }
 @String{SIGNUM = "{ACM} {SIGNUM} Newslett." }

 @String{AmerSocio = "American Journal of Sociology" }
 @String{AmerStatAssoc = "Journal of the American Statistical Association" }
 @String{AmerStatAssoc = "J. Amer. Statist. Assoc." }
 @String{ApplMathComp = "Applied Mathematics and Computation" }
 @String{ApplMathComp = "Appl. Math. Comput." }
 @String{AmerMathMonthly = "American Mathematical Monthly" }
 @String{AmerMathMonthly = "Amer. Math. Monthly" }
 @String{BIT = "{BIT}" }
 @String{BritStatPsych = "British Journal of Mathematical and Statistical
          Psychology" }
 @String{BritStatPsych = "Brit. J. Math. Statist. Psych." }
 @String{CanMathBull = "Canadian Mathematical Bulletin" }
 @String{CanMathBull = "Canad. Math. Bull." }
 @String{CompApplMath = "Journal of Computational and Applied Mathematics" }
 @String{CompApplMath = "J. Comput. Appl. Math." }
 @String{CompPhys = "Journal of Computational Physics" }
 @String{CompPhys = "J. Comput. Phys." }
 @String{CompStruct = "Computers and Structures" }
 @String{CompStruct = "Comput. \& Structures" }
 @String{CompJour = "The Computer Journal" }
 @String{CompJour = "Comput. J." }
 @String{CompSysSci = "Journal of Computer and System Sciences" }
 @String{CompSysSci = "J. Comput. System Sci." }
 @String{Computing = "Computing" }
 @String{ContempMath = "Contemporary Mathematics" }
 @String{ContempMath = "Contemp. Math." }
 @String{Crelle = "Crelle's Journal" }
 @String{GiornaleMath = "Giornale di Mathematiche" }
 @String{GiornaleMath = "Giorn. Mat." } % didn't find in AMS MR., ibid.

 %IEEE
 @String{Computer = "{IEEE} Computer" }
 @String{IEEETransComp = "{IEEE} Transactions on Computers" }
 @String{IEEETransComp = "{IEEE} Trans. Comput." }
 @String{IEEETransAC = "{IEEE} Transactions on Automatic Control" }
 @String{IEEETransAC = "{IEEE} Trans. Automat. Control" }
 @String{IEEESpec = "{IEEE} Spectrum" } % didn't find in AMS MR
 @String{ProcIEEE = "Proceedings of the {IEEE}" }
 @String{ProcIEEE = "Proc. {IEEE}" } % didn't find in AMS MR
 @String{IEEETransAeroElec = "{IEEE} Transactions on Aerospace and Electronic
     Systems" }
 @String{IEEETransAeroElec = "{IEEE} Trans. Aerospace Electron. Systems" }

 @String{IMANumerAna = "{IMA} Journal of Numerical Analysis" }
 @String{IMANumerAna = "{IMA} J. Numer. Anal." }
 @String{InfProcLet = "Information Processing Letters" }
 @String{InfProcLet = "Inform. Process. Lett." }
 @String{InstMathApp = "Journal of the Institute of Mathematics and
     its Applications" }
 @String{InstMathApp = "J. Inst. Math. Appl." }
 @String{IntControl = "International Journal of Control" }
 @String{IntControl = "Internat. J. Control" }
 @String{IntNumerEng = "International Journal for Numerical Methods in
     Engineering" }
 @String{IntNumerEng = "Internat. J. Numer. Methods Engrg." }
 @String{IntSuper = "International Journal of Supercomputing Applications" }
 @String{IntSuper = "Internat. J. Supercomputing Applic." } % didn't find
%% in AMS MR
 @String{Kibernetika = "Kibernetika" }
 @String{JResNatBurStand = "Journal of Research of the National Bureau
     of Standards" }
 @String{JResNatBurStand = "J. Res. Nat. Bur. Standards" }
 @String{LinAlgApp = "Linear Algebra and its Applications" }
 @String{LinAlgApp = "Linear Algebra Appl." }
 @String{MathAnaAppl = "Journal of Mathematical Analysis and Applications" }
 @String{MathAnaAppl = "J. Math. Anal. Appl." }
 @String{MathAnnalen = "Mathematische Annalen" }
 @String{MathAnnalen = "Math. Ann." }
 @String{MathPhys = "Journal of Mathematical Physics" }
 @String{MathPhys = "J. Math. Phys." }
 @String{MathComp = "Mathematics of Computation" }
 @String{MathComp = "Math. Comp." }
 @String{MathScand = "Mathematica Scandinavica" }
 @String{MathScand = "Math. Scand." }
 @String{TablesAidsComp = "Mathematical Tables and Other Aids to Computation" }
 @String{TablesAidsComp = "Math. Tables Aids Comput." }
 @String{NumerMath = "Numerische Mathematik" }
 @String{NumerMath = "Numer. Math." }
 @String{PacificMath = "Pacific Journal of Mathematics" }
 @String{PacificMath = "Pacific J. Math." }
 @String{ParDistComp = "Journal of Parallel and Distributed Computing" }
 @String{ParDistComp = "J. Parallel and Distrib. Comput." } % didn't find
%% in AMS MR
 @String{ParComputing = "Parallel Computing" }
 @String{ParComputing = "Parallel Comput." }
 @String{PhilMag = "Philosophical Magazine" }
 @String{PhilMag = "Philos. Mag." }
 @String{ProcNAS = "Proceedings of the National Academy of Sciences
                    of the USA" }
 @String{ProcNAS = "Proc. Nat. Acad. Sci. U. S. A." }
 @String{Psychometrika = "Psychometrika" }
 @String{QuartMath = "Quarterly Journal of Mathematics, Oxford, Series (2)" }
 @String{QuartMath = "Quart. J. Math. Oxford Ser. (2)" }
 @String{QuartApplMath = "Quarterly of Applied Mathematics" }
 @String{QuartApplMath = "Quart. Appl. Math." }
 @String{RevueInstStat = "Review of the International Statisical Institute" }
 @String{RevueInstStat = "Rev. Inst. Internat. Statist." }

 %SIAM
 @String{JSIAM = "Journal of the Society for Industrial and Applied
     Mathematics" }
 @String{JSIAM = "J. Soc. Indust. Appl. Math." }
 @String{JSIAMB = "Journal of the Society for Industrial and Applied
     Mathematics, Series B, Numerical Analysis" }
 @String{JSIAMB = "J. Soc. Indust. Appl. Math. Ser. B Numer. Anal." }
 @String{SIAMAlgMeth = "{SIAM} Journal on Algebraic and Discrete Methods" }
 @String{SIAMAlgMeth = "{SIAM} J. Algebraic Discrete Methods" }
 @String{SIAMAppMath = "{SIAM} Journal on Applied Mathematics" }
 @String{SIAMAppMath = "{SIAM} J. Appl. Math." }
 @String{SIAMComp = "{SIAM} Journal on Computing" }
 @String{SIAMComp = "{SIAM} J. Comput." }
 @String{SIAMMatrix = "{SIAM} Journal on Matrix Analysis and Applications" }
 @String{SIAMMatrix = "{SIAM} J. Matrix Anal. Appl." }
 @String{SIAMNumAnal = "{SIAM} Journal on Numerical Analysis" }
 @String{SIAMNumAnal = "{SIAM} J. Numer. Anal." }
 @String{SIAMReview = "{SIAM} Review" }
 @String{SIAMReview = "{SIAM} Rev." }
 @String{SIAMSciStat = "{SIAM} Journal on Scientific and Statistical
     Computing" }
 @String{SIAMSciStat = "{SIAM} J. Sci. Statist. Comput." }

 @String{SoftPracExp = "Software Practice and Experience" }
 @String{SoftPracExp = "Software Prac. Experience" } % didn't find in AMS MR
 @String{StatScience = "Statistical Science" }
 @String{StatScience = "Statist. Sci." }
 @String{Techno = "Technometrics" }
 @String{USSRCompMathPhys = "{USSR} Computational Mathematics and Mathematical
     Physics" }
 @String{USSRCompMathPhys = "{U. S. S. R.} Comput. Math. and Math. Phys." }
 @String{VLSICompSys = "Journal of {VLSI} and Computer Systems" }
 @String{VLSICompSys = "J. {VLSI} Comput. Syst." }
 @String{ZAngewMathMech = "Zeitschrift fur Angewandte Mathematik und
     Mechanik" }
 @String{ZAngewMathMech = "Z. Angew. Math. Mech." }
 @String{ZAngewMathPhys = "Zeitschrift fur Angewandte Mathematik und Physik" }
 @String{ZAngewMathPhys = "Z. Angew. Math. Phys." }

% Publishers % ================================================= |

 @String{Academic = "Academic Press" }
 @String{ACMPress = "{ACM} Press" }
 @String{AdamHilger = "Adam Hilger" }
 @String{AddisonWesley = "Addison-Wesley" }
 @String{AllynBacon = "Allyn and Bacon" }
 @String{AMS = "American Mathematical Society" }
 @String{Birkhauser = "Birkha{\"u}ser" }
 @String{CambridgePress = "Cambridge University Press" }
 @String{Chelsea = "Chelsea" }
 @String{ClaredonPress = "Claredon Press" }
 @String{DoverPub = "Dover Publications" }
 @String{Eyolles = "Eyolles" }
 @String{HoltRinehartWinston = "Holt, Rinehart and Winston" }
 @String{Interscience = "Interscience" }
 @String{JohnsHopkinsPress = "The Johns Hopkins University Press" }
 @String{JohnWileySons = "John Wiley and Sons" }
 @String{Macmillan = "Macmillan" }
 @String{MathWorks = "The Math Works Inc." }
 @String{McGrawHill = "McGraw-Hill" }
 @String{NatBurStd = "National Bureau of Standards" }
 @String{NorthHolland = "North-Holland" }
 @String{OxfordPress = "Oxford University Press" }  %address Oxford or London?
 @String{PergamonPress = "Pergamon Press" }
 @String{PlenumPress = "Plenum Press" }
 @String{PrenticeHall = "Prentice-Hall" }
 @String{SIAMPub = "{SIAM} Publications" }
 @String{Springer = "Springer-Verlag" }
 @String{TexasPress = "University of Texas Press" }
 @String{VanNostrand = "Van Nostrand" }
 @String{WHFreeman = "W. H. Freeman and Co." }

%Entries

@book{Butler00,
	Author = {Butler, Ralph and Gropp, William and Lusk, Ewing},
	Date = {2000/09/10},
	Date-Added = {2019-03-12 21:00:08 +0000},
	Date-Modified = {2019-03-12 21:00:08 +0000},
	Doi = {10.1007/3-540-45255-9{\_}25},
	Month = {09},
	Pages = {168--175},
	Title = {A Scalable Process-Management Environment for Parallel Programs},
	Ty = {BOOK},
	Year = {2000},
}

@online{MPICH14,
  author  =      "Mathematics and Computer Science Division Argonne National Laboratory",
  year =         "2014",
  title =        "Hydra Process Management Framework",
  url =          "https://wiki.mpich.org/mpich/index.php?title=Hydra_Process_Management_Framework",
  lastaccessed = "June 24, 2014"
}

@INPROCEEDINGS{7161563,
author={C. {Cao} and T. {Herault} and G. {Bosilca} and J. {Dongarra}},
booktitle={2015 IEEE International Parallel and Distributed Processing Symposium},
title={Design for a Soft Error Resilient Dynamic Task-Based Runtime},
year={2015},
volume={},
number={},
pages={765-774},
keywords={directed graphs;fault tolerant computing;parallel processing;soft error resilient dynamic task-based runtime;modern computing system;resilient extension;generic framework;soft error resilience;task-based programming paradigm;sub-DAG;algorithmic property;PaRSEC task-based runtime framework;Runtime;Symmetric matrices;Dynamic scheduling;Fault tolerance;Fault tolerant systems;Heuristic algorithms;Algorithm design and analysis;soft error resilience;runtime;fault tolerance},
doi={10.1109/IPDPS.2015.81},
ISSN={1530-2075},
month={May},}



@article{Unified-ft,
author = {Omer Subasi and Tatiana Martsinkevich and Ferad Zyulkyarov and Osman Unsal and Jesus Labarta and Franck Cappello},
title ={Unified fault-tolerance framework for hybrid task-parallel message-passing applications},
journal = {The International Journal of High Performance Computing Applications},
volume = {32},
number = {5},
pages = {641-657},
year = {2018},
doi = {10.1177/1094342016669416},

URL = {
        https://doi.org/10.1177/1094342016669416

},
eprint = {
        https://doi.org/10.1177/1094342016669416

}
,
    abstract = { We present a unified fault-tolerance framework for task-parallel message-passing applications to mitigate transient errors. First, we propose a fault-tolerant message-logging protocol that only requires the restart of the task that experienced the error and transparently handles any message passing interface calls inside the task. In our experiments we demonstrate that our fault-tolerant solution has a reasonable overhead, with a maximum observed overhead of 4.5\%. We also show that fine-grained parallelization is important for hiding the overheads related to the protocol as well as the recovery of tasks. Secondly, we develop a mathematical model to unify task-level checkpointing and our protocol with system-wide checkpointing in order to provide complete failure coverage. We provide closed formulas for the optimal checkpointing interval and the performance score of the unified scheme. Experimental results show that the performance improvement can be as high as 98\% with the unified scheme. }
}




@InProceedings{Surviving-Errors,
author="Bouteiller, Aurelien
and Bosilca, George
and Venkata, Manjunath Gorentla",
editor="Gorentla Venkata, Manjunath
and Imam, Neena
and Pophale, Swaroop
and Mintz, Tiffany M.",
title="Surviving Errors with OpenSHMEM",
booktitle="OpenSHMEM and Related Technologies. Enhancing OpenSHMEM for Hybrid Environments",
year="2016",
publisher="Springer International Publishing",
address="Cham",
pages="66--81",
abstract="Unexpected error conditions stem from a variety of underlying causes, including resource exhaustion, network failures, hardware failures, or program errors. As the scale of HPC systems continues to grow, so does the probability of encountering a condition that causes a failure; meanwhile, error recovery and run-through failure management are becoming mature, and interoperable HPC programming paradigms are beginning to feature advanced error management. As a result from these developments, it becomes increasingly desirable to gracefully handle error conditions in OpenSHMEM. In this paper, we present the design and rationale behind an extension of the OpenSHMEM API that can (1) notify user code of unexpected erroneous conditions, (2) permit customized user response to errors without incurring overhead on an error-free execution path, (3) propagate the occurence of an error condition to all Processing Elements, and (4) consistently close the erroneous epoch in order to resume the application.",
isbn="978-3-319-50995-2"
}



@inproceedings{Castain05,
	Address = {Berlin, Heidelberg},
	Author = {Castain, R. H. and Woodall, T. S. and Daniel, D. J. and Squyres, J. M. and Barrett, B. and Fagg, G. E.},
	Booktitle = {Recent Advances in Parallel Virtual Machine and Message Passing Interface},
	Editor = {Di Martino, Beniamino and Kranzlm{\"u}ller, Dieter and Dongarra, Jack},
	Pages = {225--232},
	Publisher = {Springer Berlin Heidelberg},
	Title = {The Open Run-Time Environment (OpenRTE): A Transparent Multi-cluster Environment for High-Performance Computing},
	Year = {2005}
}

@online{Jeffrey12,
  author  =      "Jeffrey M. Squyres",
  year =         "2012",
  title =        "The Architecture of Open Source Applications:Open MPI",
  url =          "http://www.aosabook.org/en/openmpi.html",
  lastaccessed = "May 18, 2012"
}

@article{Chandra96,
 author = {Chandra, Tushar Deepak and Toueg, Sam},
 title = {Unreliable Failure Detectors for Reliable Distributed Systems},
 journal = {J. ACM},
 issue_date = {March 1996},
 volume = {43},
 number = {2},
 month = mar,
 year = {1996},
 issn = {0004-5411},
 pages = {225--267},
 numpages = {43},
 url = {http://doi.acm.org/10.1145/226643.226647},
 doi = {10.1145/226643.226647},
 acmid = {226647},
 publisher = {ACM}
}

@ARTICLE{Wei02,
author={ Wei Chen and S. {Toueg} and M. K. {Aguilera}},
journal={IEEE Transactions on Computers},
title={On the quality of service of failure detectors},
year={2002},
volume={51},
number={1},
pages={13-32},
doi={10.1109/12.980014},
ISSN={0018-9340},
month={Jan}
}
@INPROCEEDINGS{Larrea00,
author={M. {Larrea} and A. {Fernandez} and S. {Arevalo}},
booktitle={Proceedings 19th IEEE Symposium on Reliable Distributed Systems SRDS-2000},
title={Optimal implementation of the weakest failure detector for solving consensus},
year={2000},
volume={},
number={},
pages={52-59},
doi={10.1109/RELDI.2000.885392},
ISSN={},
month={Oct}
}

@inproceedings{Kawazoe97,
	Address = {Berlin, Heidelberg},
	Author = {Kawazoe Aguilera, Marcos and Chen, Wei and Toueg, Sam},
	Booktitle = {Distributed Algorithms},
	Editor = {Mavronicolas, Marios and Tsigas, Philippas},
	Isbn = {978-3-540-69600-1},
	Pages = {126--140},
	Publisher = {Springer Berlin Heidelberg},
	Title = {Heartbeat: A timeout-free failure detector for quiescent reliable communication},
	Year = {1997}
}

@inproceedings{van98,
	Address = {London},
	Author = {van Renesse, Robbert and Minsky, Yaron and Hayden, Mark},
	Booktitle = {Middleware'98},
	Editor = {Davies, Nigel and Jochen, Seitz and Raymond, Kerry},
	Isbn = {978-1-4471-1283-9},
	Pages = {55--70},
	Publisher = {Springer London},
	Title = {A Gossip-Style Failure Detection Service},
	Year = {1998}
}

@article{Ranganathan01,
	Author = {Ranganathan, Sridharan and George, Alan D. and Todd, Robert W. and Chidester, Matthew C.},
	Day = {01},
	Doi = {10.1023/A:1011494323443},
	Issn = {1573-7543},
	Journal = {Cluster Computing},
	Month = {Jul},
	Number = {3},
	Pages = {197--209},
	Title = {Gossip-Style Failure Detection and Distributed Consensus for Scalable Heterogeneous Clusters},
	Url = {https://doi.org/10.1023/A:1011494323443},
	Volume = {4},
	Year = {2001},
	Bdsk-Url-1 = {https://doi.org/10.1023/A:1011494323443}
}
@inproceedings{Gupta01,
 author = {Gupta, Indranil and Chandra, Tushar D. and Goldszmidt, Germ\'{a}n S.},
 title = {On Scalable and Efficient Distributed Failure Detectors},
 booktitle = {Proceedings of the Twentieth Annual ACM Symposium on Principles of Distributed Computing},
 series = {PODC '01},
 year = {2001},
 isbn = {1-58113-383-9},
 location = {Newport, Rhode Island, USA},
 pages = {170--179},
 numpages = {10},
 url = {http://doi.acm.org/10.1145/383962.384010},
 doi = {10.1145/383962.384010},
 acmid = {384010},
 publisher = {ACM},
 address = {New York, NY, USA}
}

@INPROCEEDINGS{Abhinandan02,
author={A. {Das} and I. {Gupta} and A. {Motivala}},
booktitle={Proceedings International Conference on Dependable Systems and Networks},
title={SWIM: scalable weakly-consistent infection-style process group membership protocol},
year={2002},
volume={},
number={},
pages={303-312},
keywords={protocols;workstation clusters;wide area networks;computer network reliability;SWIM;scalable weakly-consistent infection-style protocol;process group membership protocol;distributed peer-to-peer applications;generic software module;heart-beating protocol;response times;network loads;performance;PC cluster;failure detection;membership update;periodic randomized probing protocol;piggybacking;ping messages;deterministic time bound;experimental results;WAN;Protocols;Peer to peer computing;Application software;Large-scale systems;Delay;Frequency;Computer crashes;Personal communication networks;Condition monitoring;Robustness},
doi={10.1109/DSN.2002.1028914},
ISSN={},
month={June},}

@inproceedings{Angskun07,
	Address = {Berlin, Heidelberg},
	Author = {Angskun, Thara and Bosilca, George and Dongarra, Jack},
	Booktitle = {Parallel and Distributed Processing and Applications},
	Editor = {Stojmenovic, Ivan and Thulasiram, Ruppa K. and Yang, Laurence T. and Jia, Weijia and Guo, Minyi and de Mello, Rodrigo Fernandes},
	Pages = {471--482},
	Publisher = {Springer Berlin Heidelberg},
	Title = {Binomial Graph: A Scalable and Fault-Tolerant Logical Network Topology},
	Year = {2007}
}

@INPROCEEDINGS{Pava11,
author={P. {Shamis} and R. {Graham} and M. G. {Venkata} and J. {Ladd}},
booktitle={2011 IEEE International Conference on Cluster Computing},
title={Design and Implementation of Broadcast Algorithms for Extreme-Scale Systems},
year={2011},
volume={},
number={},
pages={74-83},
doi={10.1109/CLUSTER.2011.17},
ISSN={1552-5244},
month={Sep.}
}

@article{CASTAIN18,
	Author = {Ralph H. Castain and Joshua Hursey and Aurelien Bouteiller and David Solt},
	Journal = {Parallel Computing},
	Pages = {9 - 29},
	Title = {PMIx: Process management for exascale environments},
	Volume = {79},
	Year = {2018}
}

@online{Ralph15,
  author  =      "Ralph H. Castain",
  year =         "2017",
  title =        "RFC0015:Job Control And Monitoring APIs",
  url =          "https://pmix.org/pmix-standard/job-control-and-monitoring/",
  lastaccessed = "Nov 03, 2017"
}

@online{Ralph002,
  author  =      "Ralph H. Castain",
  year =         "2017",
  title =        "RFC0002:PMIx Event Notification",
  url =          "https://pmix.org/pmix-standard/event-notification/",
  lastaccessed = "Nov 03, 2017"
}

@INPROCEEDINGS{George16,
author={G. {Bosilca} and A. {Bouteiller} and A. {Guermouche} and T. {Herault} and Y. {Robert} and P. {Sens} and J. {Dongarra}},
booktitle={SC '16: Proceedings of the International Conference for High Performance Computing, Networking, Storage and Analysis},
title={Failure Detection and Propagation in HPC systems},
year={2016},
volume={},
number={},
pages={312-322},
keywords={fault diagnosis;fault tolerant computing;parallel processing;failure detection;failure propagation;HPC systems;fault information distribution;virtual observation ring;no-uniform variant;reliable broadcast;circulant graph overlay network;logarithmic fault propagation;Titan ORNL supercomputer;exascale-ready algorithm;fault tolerance;Computer crashes;Protocols;Fault tolerance;Fault tolerant systems;Heart beat;Observers;Algorithm design and analysis;MPI;Failure Detection;Fault-Tolerance},
doi={10.1109/SC.2016.26},
ISSN={2167-4337},
month={Nov},}

@online{Cori01,
  title =        "CORI",
  url =          "https://www.nersc.gov/users/computational-systems/cori",
  lastaccessed = "June 09,2018"
}

@online{IMB,
  title =        "Introducing Intel MPI Benchmarks",
  url =          "https://software.intel.com/en-us/articles/intel-mpi-benchmarks",
  author  = "Gergana S. (Blackbelt)",
  lastaccessed = "February 7, 2018"
}



@inproceedings{Luo18,
 author = {Luo, Xi and Wu, Wei and Bosilca, George and Patinyasakdikul, Thananon and Wang, Linnan and Dongarra, Jack},
 title = {ADAPT: An Event-based Adaptive Collective Communication Framework},
 booktitle = {Proceedings of the 27th International Symposium on High-Performance Parallel and Distributed Computing},
 series = {HPDC '18},
 year = {2018},
 isbn = {978-1-4503-5785-2},
 location = {Tempe, Arizona},
 pages = {118--130},
 numpages = {13},
 url = {http://doi.acm.org/10.1145/3208040.3208054},
 doi = {10.1145/3208040.3208054},
 acmid = {3208054},
 publisher = {ACM},
 address = {New York, NY, USA},
 keywords = {GPU, MPI, collectives operations, event-driven, heterogeneous system, system noise},
}

@article{Bland2013,
	Author = {Bland, Wesley and Bouteiller, Aurelien and Herault, Thomas and Hursey, Joshua and Bosilca, George and Dongarra, Jack J.},
	Journal = {Computing},
	Month = {Dec},
	Number = {12},
	Pages = {1171--1184},
	Title = {An evaluation of User-Level Failure Mitigation support in MPI},
	Volume = {95},
	Year = {2013}}

@article{reinit18,
author = {Chakraborty, Sourav and Laguna, Ignacio and Emani, Murali and Mohror, Kathryn and Panda, Dhabaleswar K. and Schulz, Martin and Subramoni, Hari},
title = {EReinit: Scalable and efficient fault-tolerance for bulk-synchronous MPI applications},
journal = {Concurrency and Computation: Practice and Experience},
volume = {0},
number = {0},
pages = {e4863},
keywords = {fault tolerance, high-performance computing, MPI, resilience},
doi = {10.1002/cpe.4863},
url = {https://onlinelibrary.wiley.com/doi/abs/10.1002/cpe.4863},
eprint = {https://onlinelibrary.wiley.com/doi/pdf/10.1002/cpe.4863},
note = {e4863 cpe.4863},
}

@inproceedings{X10-ft16,
 author = {Hamouda, Sara S. and Herta, Benjamin and Milthorpe, Josh and Grove, David and Tardieu, Olivier},
 title = {Resilient X10 over MPI User Level Failure Mitigation},
 booktitle = {Proceedings of the 6th ACM SIGPLAN Workshop on X10},
 series = {X10 2016},
 year = {2016},
 isbn = {978-1-4503-4386-2},
 location = {Santa Barbara, CA, USA},
 pages = {18--23},
 numpages = {6},
 url = {http://doi.acm.org/10.1145/2931028.2931030},
 doi = {10.1145/2931028.2931030},
 acmid = {2931030},
 publisher = {ACM},
 address = {New York, NY, USA},
 keywords = {MPI, Resilience, User Level Failure Mitigation, X10},
}

@inproceedings{Sun:2016:IDP:3018814.3018816,
 author = {Sun, Qian and Romanus, Melissa and Jin, Tong and Yu, Hongfeng and Bremer, Peer-Timo and Petruzza, Steve and Klasky, Scott and Parashar, Manish},
 title = {In-staging Data Placement for Asynchronous Coupling of Task-based Scientific Workflows},
 booktitle = {Proceedings of the Second Internationsl Workshop on Extreme Scale Programming Models and Middleware},
 series = {ESPM2},
 year = {2016},
 isbn = {978-1-5090-3858-9},
 location = {Salt Lake City, Utah},
 pages = {2--9},
 numpages = {8},
 url = {https://doi.org/10.1109/ESPM2.2016.12},
 doi = {10.1109/ESPM2.2016.12},
 acmid = {3018816},
 publisher = {IEEE Press},
 address = {Piscataway, NJ, USA},
 keywords = {couplings, data storage systems, runtime},
}

@inproceedings{Bautista-Gomez:2011:FHP:2063384.2063427,
 author = {Bautista-Gomez, Leonardo and Tsuboi, Seiji and Komatitsch, Dimitri and Cappello, Franck and Maruyama, Naoya and Matsuoka, Satoshi},
 title = {{FTI}: High Performance Fault Tolerance Interface for Hybrid Systems},
 booktitle = {Proceedings of 2011 International Conference for High Performance Computing, Networking, Storage and Analysis},
 series = {SC '11},
 year = {2011},
 isbn = {978-1-4503-0771-0},
 location = {Seattle, Washington},
 pages = {32:1--32:32},
 articleno = {32},
 numpages = {32},
 url = {http://doi.acm.org/10.1145/2063384.2063427},
 doi = {10.1145/2063384.2063427},
 acmid = {2063427},
 publisher = {ACM},
 address = {New York, NY, USA},
 }

@inproceedings{shmem-ft15,
 author = {Hao, Pengfei and Pophale, Swaroop and Shamis, Pavel and Curtis, Tony and Chapman, Barbara},
 title = {Check-Pointing Approach for Fault Tolerance in OpenSHMEM},
 booktitle = {Revised Selected Papers of the Second Workshop on OpenSHMEM and Related Technologies. Experiences, Implementations, and Technologies - Volume 9397},
 series = {OpenSHMEM 2015},
 year = {2015},
 isbn = {978-3-319-26427-1},
 location = {Annapolis, MD, USA},
 pages = {36--52},
 numpages = {17},
 acmid = {2952637},
 publisher = {Springer-Verlag New York, Inc.},
 address = {New York, NY, USA},
}

@inproceedings{hadoop-ft,
 author = {Zounmevo, Judicael A. and Kimpe, Dries and Ross, Robert and Afsahi, Ahmad},
 title = {Using MPI in High-performance Computing Services},
 booktitle = {Proceedings of the 20th European MPI Users' Group Meeting},
 series = {EuroMPI '13},
 year = {2013},
 isbn = {978-1-4503-1903-4},
 location = {Madrid, Spain},
 pages = {43--48},
 numpages = {6},
 url = {http://doi.acm.org/10.1145/2488551.2488556},
 doi = {10.1145/2488551.2488556},
 acmid = {2488556},
 publisher = {ACM},
 address = {New York, NY, USA},
 keywords = {MPI, MPMD, distributed services, extreme scale, fault-tolerance},
}

@INPROCEEDINGS{Bosilca11,
author={G. {Bosilca} and T. {Herault} and A. {Rezmerita} and J. {Dongarra}},
booktitle={2011 IEEE International Conference on Cluster Computing},
title={On Scalability for MPI Runtime Systems},
year={2011},
volume={},
number={},
pages={187-195},
keywords={message passing;parallel programming;MPI runtime system;high performance computing;computing power;software infrastructure;parallel application;optimized runtime environment;message passing interface;programming paradigm;open MPI runtime;MPICH2;Runtime;Peer to peer computing;Topology;Routing;Vegetation;Libraries;Software},
doi={10.1109/CLUSTER.2011.29},
ISSN={1552-5244},
month={Sep.},}

@inproceedings{infection-style,
 author = {Demers, Alan and Greene, Dan and Hauser, Carl and Irish, Wes and Larson, John and Shenker, Scott and Sturgis, Howard and Swinehart, Dan and Terry, Doug},
 title = {Epidemic Algorithms for Replicated Database Maintenance},
 booktitle = {Proceedings of the Sixth Annual ACM Symposium on Principles of Distributed Computing},
 series = {PODC '87},
 year = {1987},
 isbn = {0-89791-239-X},
 location = {Vancouver, British Columbia, Canada},
 pages = {1--12},
 numpages = {12},
 url = {http://doi.acm.org/10.1145/41840.41841},
 doi = {10.1145/41840.41841},
 acmid = {41841},
 publisher = {ACM},
 address = {New York, NY, USA},
}

@incollection{di2016measuring,
  title={{Measuring the Resiliency of Extreme-Scale Computing Environments}},
  author={Di Martino, Catello and Kalbarczyk, Zbigniew and Iyer, Ravishankar},
  booktitle={{Principles of Performance and Reliability Modeling and Evaluation}},
  pages={609--655},
  year={2016},
  publisher={Springer}
}

@article{graph500,
    author = {Ang, James and Barrett, Brian and Wheeler, Kyle and Murphy, Richard},
    year = {2010},
    month = {01},
    pages = {},
    title = {Introducing the graph 500}
}


@inproceedings{g500shmem,
    Address = {Cham},
    Author = {D'Azevedo, Eduardo F. and Imam, Neena},
    Booktitle = {OpenSHMEM and Related Technologies. Experiences, Implementations, and Technologies},
    Editor = {Gorentla Venkata, Manjunath and Shamis, Pavel and Imam, Neena and Lopez, M. Graham},
    Isbn = {978-3-319-26428-8},
    Pages = {154--163},
    Publisher = {Springer International Publishing},
    Title = {Graph 500 in OpenSHMEM},
    Year = {2015}}
